[gd_scene load_steps=10 format=2]

[ext_resource path="res://Resources/Sprites/placeholder.png" type="Texture" id=1]
[ext_resource path="res://Resources/Sprites/Roulette/btn_lvl.png" type="Texture" id=2]
[ext_resource path="res://Scripts/Slot/Levels.gd" type="Script" id=5]
[ext_resource path="res://Resources/Sprites/bg_menu.png" type="Texture" id=7]
[ext_resource path="res://Resources/Sprites/Roulette/img_1.png" type="Texture" id=8]

[sub_resource type="StyleBoxTexture" id=1]
texture = ExtResource( 2 )
region_rect = Rect2( 0, 0, 335, 110 )

[sub_resource type="StyleBoxTexture" id=2]
texture = ExtResource( 1 )
region_rect = Rect2( 0, 0, 30, 30 )

[sub_resource type="StyleBoxTexture" id=3]
texture = ExtResource( 1 )
region_rect = Rect2( 0, 0, 30, 30 )

[sub_resource type="StyleBoxTexture" id=4]
texture = ExtResource( 1 )
region_rect = Rect2( 0, 0, 30, 30 )

[node name="Levels" type="Control"]
anchor_right = 1.0
anchor_bottom = 1.0
mouse_filter = 2
script = ExtResource( 5 )
__meta__ = {
"_edit_use_anchors_": false
}

[node name="BG" type="TextureRect" parent="."]
anchor_right = 1.0
anchor_bottom = 1.0
texture = ExtResource( 7 )
expand = true
stretch_mode = 7
__meta__ = {
"_edit_use_anchors_": false
}

[node name="TextureRect" type="TextureRect" parent="."]
visible = false
anchor_left = 0.5
anchor_top = 1.0
anchor_right = 0.5
anchor_bottom = 1.0
margin_left = -409.0
margin_top = -513.0
margin_right = 438.0
margin_bottom = 274.0
texture = ExtResource( 8 )
__meta__ = {
"_edit_use_anchors_": false
}

[node name="BtnRoulette" type="Button" parent="."]
visible = false
anchor_left = 0.5
anchor_top = 1.0
anchor_right = 0.5
anchor_bottom = 1.0
margin_left = -321.0
margin_top = -162.0
margin_right = 15.0
margin_bottom = -52.0
focus_mode = 0
mouse_filter = 1
size_flags_horizontal = 4
size_flags_vertical = 4
custom_styles/hover = SubResource( 1 )
custom_styles/pressed = SubResource( 1 )
custom_styles/focus = SubResource( 1 )
custom_styles/disabled = SubResource( 1 )
custom_styles/normal = SubResource( 1 )
shortcut_in_tooltip = false
enabled_focus_mode = 0
__meta__ = {
"_edit_group_": true,
"_edit_use_anchors_": false
}

[node name="MarginScroll" type="MarginContainer" parent="."]
anchor_left = 0.5
anchor_right = 0.5
margin_left = -258.0
margin_right = 258.0
margin_bottom = 1154.0
mouse_filter = 1
size_flags_horizontal = 3
size_flags_vertical = 3
custom_constants/margin_top = 80
__meta__ = {
"_edit_group_": true,
"_edit_use_anchors_": false
}

[node name="Grid" type="VBoxContainer" parent="MarginScroll"]
margin_top = 80.0
margin_right = 516.0
margin_bottom = 1174.0
size_flags_horizontal = 3
size_flags_vertical = 3
custom_constants/separation = 40
alignment = 1
__meta__ = {
"_edit_group_": true
}

[node name="BtnLvl1" type="Button" parent="MarginScroll/Grid"]
margin_right = 516.0
margin_bottom = 338.0
rect_min_size = Vector2( 516, 338 )
focus_mode = 0
size_flags_horizontal = 4
size_flags_vertical = 4
custom_styles/hover = SubResource( 2 )
custom_styles/pressed = SubResource( 2 )
custom_styles/focus = SubResource( 2 )
custom_styles/disabled = SubResource( 2 )
custom_styles/normal = SubResource( 2 )
shortcut_in_tooltip = false
enabled_focus_mode = 0
__meta__ = {
"_edit_group_": true,
"_edit_use_anchors_": false
}

[node name="BtnLvl2" type="Button" parent="MarginScroll/Grid"]
margin_top = 378.0
margin_right = 516.0
margin_bottom = 716.0
rect_min_size = Vector2( 516, 338 )
focus_mode = 0
size_flags_horizontal = 4
size_flags_vertical = 4
custom_styles/hover = SubResource( 3 )
custom_styles/pressed = SubResource( 3 )
custom_styles/focus = SubResource( 3 )
custom_styles/disabled = SubResource( 3 )
custom_styles/normal = SubResource( 3 )
shortcut_in_tooltip = false
enabled_focus_mode = 0
__meta__ = {
"_edit_group_": true,
"_edit_use_anchors_": false
}

[node name="BtnLvl3" type="Button" parent="MarginScroll/Grid"]
margin_top = 756.0
margin_right = 516.0
margin_bottom = 1094.0
rect_min_size = Vector2( 516, 338 )
focus_mode = 0
mouse_filter = 1
size_flags_horizontal = 4
size_flags_vertical = 4
custom_styles/hover = SubResource( 4 )
custom_styles/pressed = SubResource( 4 )
custom_styles/focus = SubResource( 4 )
custom_styles/disabled = SubResource( 4 )
custom_styles/normal = SubResource( 4 )
shortcut_in_tooltip = false
enabled_focus_mode = 0
__meta__ = {
"_edit_group_": true,
"_edit_use_anchors_": false
}

[node name="Tween" type="Tween" parent="."]

[connection signal="pressed" from="BtnRoulette" to="." method="_on_BtnLvl4_pressed"]
[connection signal="pressed" from="MarginScroll/Grid/BtnLvl1" to="." method="_on_BtnLvl1_pressed"]
[connection signal="pressed" from="MarginScroll/Grid/BtnLvl2" to="." method="_on_BtnLvl2_pressed"]
[connection signal="pressed" from="MarginScroll/Grid/BtnLvl3" to="." method="_on_BtnLvl3_pressed"]
